<?xml version="1.0" encoding="UTF-8"?><collection xmlns="http://www.loc.gov/MARC21/slim"><record><leader>00644nam--2200193-i-4500</leader><controlfield tag="001">000034714</controlfield><controlfield tag="002">20161230</controlfield><controlfield tag="005">20161230201040</controlfield><controlfield tag="008">060222s1000------------r-----000-0-eng-d</controlfield><datafield ind1=" " ind2=" " tag="040"><subfield code="a">IFIN-HH</subfield></datafield><datafield ind1=" " ind2=" " tag="080"><subfield code="a">550.34</subfield></datafield><datafield ind1="1" ind2=" " tag="100"><subfield code="a">Ritsema, A. Reinier</subfield></datafield><datafield ind1="1" ind2="0" tag="245"><subfield code="a">Seismicity and seismic risk in the offshore north sea area. proceedings, utrecht, the netherlands, 1982</subfield><subfield code="c">A. reinier ritsema, aybars gurpinar (eds.)</subfield></datafield><datafield ind1=" " ind2=" " tag="260"><subfield code="a">Dordrecht</subfield><subfield code="b">D.Reidel Publishing Company</subfield><subfield code="c">1983</subfield></datafield><datafield ind1=" " ind2=" " tag="300"><subfield code="a">XXIV+420P</subfield></datafield><datafield ind1=" " ind2=" " tag="490"><subfield code="a">Nato Advanced Study Institutes Series C, 99</subfield></datafield><datafield ind1="1" ind2=" " tag="700"><subfield code="a">Gurpinar, Aybars</subfield><subfield code="e">Ed</subfield></datafield><datafield ind1=" " ind2=" " tag="852"><subfield code="a">42548</subfield><subfield code="c">53</subfield></datafield><datafield ind1=" " ind2=" " tag="CAT"><subfield code="a">Sys</subfield><subfield code="c">20150323</subfield><subfield code="h">141946</subfield></datafield></record></collection>